@inproceedings{mawhorter2010procedural,
  title={Procedural level generation using occupancy-regulated extension},
  author={Mawhorter, Peter and Mateas, Michael},
  booktitle={Computational Intelligence and Games (CIG), 2010 IEEE Symposium on},
  pages={351--358},
  year={2010},
  organization={IEEE}
}

@misc{spelunkygen,
  title={Spelunky Generator Lessons},
  author={Darius Kazemi},
  url={http://tinysubversions.com/spelunkyGen/}
}

@misc{spelunkyscore,
  title={Spelunky Metacritic},
  author={Metacritic},
  url={http://www.metacritic.com/game/pc/spelunky}
}

@incollection{browne2013metrics,
  title={Metrics for better puzzles},
  author={Browne, Cameron},
  booktitle={Game Analytics},
  pages={769--800},
  year={2013},
  publisher={Springer}
}

@inproceedings{smith2012case,
  title={A case study of expressively constrainable level design automation tools for a puzzle game},
  author={Smith, Adam M and Andersen, Erik and Mateas, Michael and Popovi{\'c}, Zoran},
  booktitle={Proceedings of the International Conference on the Foundations of Digital Games},
  pages={156--163},
  year={2012},
  organization={ACM}
}

@inproceedings{smith2014understanding,
  title={Understanding procedural content generation: a design-centric analysis of the role of PCG in games},
  author={Smith, Gillian},
  booktitle={Proceedings of the 32nd annual ACM conference on Human factors in computing systems},
  pages={917--926},
  year={2014},
  organization={ACM}
}
@misc{boiplaytime,
title={SteamSpy Binding of Isaac},
url={http://steamspy.com/app/250900}
}
@misc{pcgpros,
title={5 tips for using procedurally-generated content in your game},
author={Mike Rose},
url={http://www.gamasutra.com/view/news/181853/5_tips_for_using_procedurallygenerated_content_in_your_game.php}
}
@book{koster2013theory,
  title={Theory of fun for game design},
  author={Koster, Raph},
  year={2013},
  publisher={" O'Reilly Media, Inc."}
}
@article{hendrikx2013procedural,
  title={Procedural content generation for games: A survey},
  author={Hendrikx, Mark and Meijer, Sebastiaan and Van Der Velden, Joeri and Iosup, Alexandru},
  journal={ACM Transactions on Multimedia Computing, Communications, and Applications (TOMM)},
  volume={9},
  number={1},
  pages={1},
  year={2013},
  publisher={ACM}
}
